@article{2005-Wolpert-Macready,
  author = {D.H. Wolpert and W.G. Macready}, 
  title = {Coevolutionary free lunches},
  journal = {IEEE Transactions on Evolutionary Computation},
  year = 2005,
  volume = 9,
  number = 6,
  pages = {721-735},
}

@book{2012-Murphy,
  author = {K. P. Murphy}, 
  title = {Machine Learning: a Probabilistic Perspective},
  publisher = {The MIT Press},
  year = 2012,
  edition = 1,
}

@book{ESL,
  author = {T. Hastie and R. Tibshirani and J. Friedman}, 
  title = {The Elements of Statistical Learning},
  publisher = {Springer},
  year = 2016,
  edition = 2,
}

@article{2003-Simon,
  author = {R. Simon and M.D. Radmacher and K. Dobbin and L.M. McShane}, 
  title = {Pitfalls in the use of {DNA} microarray data for diagnostic and prognostic classification},
  journal = {J. Natl. Cancer Inst.},
  year = 2003,
  volume = 95,
  pages = {14-18},
}

@conference{2019-Vandewiele,
  author = {G. Vandewiele and I. Dehaene and O. Janssens and F. Ongenae and F. De Backere and F. De Turck and K. Roelens and S. Van Hoecke and T. Demeester}, 
  title = {A Critical Look at Studies Applying Over-Sampling on the {TPEHGDB} Dataset},
  booktitle = {Proc. Artificial Intelligence in Medicine},
  year = 2019,
  pages = {355-364},
  publisher = {Springer},
}

@article{Rudin2019,
  author = {C. Rudin},
  journal = {Nature Machine Intelligence},
  number = {5},
  pages = {206--215},
  title = {Stop explaining black box machine learning models for high stakes decisions and use interpretable models instead},
  volume = {1},
  year = {2019}
}

@book{Brieman1984,
  author = {L. Breiman and J. Friedman and C. J. Stone and R.A. Olshen},
  publisher = {Chapman and Hall/CRC},
  title = {Classification and Regression Trees},
  year = {1984}
}

@article{Brieman2001,
  author = {L. Brieman},
  title = {Random Forests},
  journal = {Machine Learning},
  volume = {45},
  pages = {5--32},
  year = {2001}
}

@article{Fisher1958,
  author = {W.D. Fisher},
  title = {On Grouping for Maximum Homogeneity},
  journal = {Journal of the American Statistical Association},
  number = {284},
  pages = {789--798},
  volume = {53},
  year = {1958}
}

@article{Loh1988,
  author = {W.Y. Loh and N. Vanichsetakul},
  title = {Tree-structured classification via generalized discriminant analysis},
  journal = {Journal of the American Statistical Association},
  number = {493},
  volume = {83},
  pages = {715--725},
  year = {1988}
}

@book{Ripley1996,
  author = {B. D. Ripley},
  booktitle = {Cambridge University Press, Cambridge},
  title = {Pattern Recognition and Neural Networks},
  year = {1996}
}

@article{Grandvalet2004,
  author = {Y. Grandvalet},
  title = {Bagging equalizes influence},
  journal = {Machine Learning},
  number = {3},
  volume = {55},
  pages = {251--270},
  year = {2004}
}

@article{Fernandez-Delgado2014,
  author = {Fern{\'{a}}ndez-Delgado, Manuel and Carnadas, Eva and Barro, San{\'{e}}n},
  title = {Do we need hundreds of classifiers to solve real world classification problems?},
  journal = {Journal of Machine Learning Research},
  pages = {3133--3181},
  volume = {15},
  year = {2014}
}

@article{Grandvalet2004,
  author = {Y. Grandvalet},
  title = {Bagging equalizes influence},
  journal = {Machine Learning},
  number = {3},
  volume = {55},
  pages = {251--270},
  year = {2004}
}

@article{Guyon2003,
  author = {Guyon, Isabelle and Elisseeff, Andr{\'{e}}},
  journal = {Journal of Machine Learning Research},
  pages = {1157--1182},
  title = {An introduction to variable and feature selection},
  volume = {3},
  year = {2003}
}

@phdthesis{Jakulin2005,
  author       = {A Jakulin}, 
  title        = {Machine Learning Based on Attribute Interactions},
  school       = {University of Ljubljana},
  year         = {2005}
}

@conference{Kira1992,
  author = {K. Kira and L. Rendell}, 
  title = {A practical approach to feature selection},
  booktitle = {International Conference on Machine Learning},
  year = 1992,
  pages = {368–377},
  publisher = {Morgan Kaufmann},
}

@article{Anastassiou2007,
  author = {Anastassiou, Dimitris},
  journal = {Molecular Systems Biology},
  pages = {83},
  title = {Computational analysis of the synergy among multiple interacting genes},
  volume = {3},
  year = {2007}
}

@article{Kononenko1997,
  author = {I. Kononenko and E. \v{S}imec and M. Robnik-\v{S}ikonja},
  journal = {Applied Intelligence},
  pages = {39-55},
  title = {Overcoming the Myopia of Inductive Learning Algorithms with {RELIEFF}},
  volume = {7},
  number = {1},
  year = {1997}
}

@incollection{Tibshirani2014,
  author      = "Robert J. Tibshirani",
  title       = "In praise of sparsity and convexity",
  editor      = "Xihong Lin and Christian Genest and David L. Banks and Geert Molenberghs and David W. Scott, Jane-Ling Wang",
  booktitle   = "Past, Present, and Future of Statistical Science",
  publisher   = "Taylor \& Francis Group",
  address     = "Oxford",
  year        = 2014,
  pages       = "505-513",
  chapter     = 42,
}

@book{ShaweTaylorCristianini2004,
  author = {{Shawe-Taylor}, J. and Cristianini, N.}, 
  title = {Kernel methods for pattern analysis},
  year = 2004,
  publisher = {Cambridge University Press},
}

@article{FreundSchapire1997,
  author = {Y. Freund and R.E. Shapire},
  journal = {Journal of Computer and System Sciences},
  pages = {119–139},
  title = {A decision-theoretic generalization of on-line learning and an application to boosting},
  volume = {55},
  year = {1997}
}


